@online{1,
  title = {TO DO},
  url   = {TO DO},
}