@online{1,
  title = {TO DO}
}