@techreport{RFC6749,
  author = {D. Hardt},
  title = {{The OAuth 2.0 Authorization Framework}},
  howpublished = {Internet Requests for Comments},
  type = {RFC},
  number = {6749},
  year = {2012},
  month = {10},
  issn = {2070-1721},
  publisher = {RFC Editor},
  institution = {RFC Editor},
  url = {http://www.rfc-editor.org/rfc/rfc6749.txt}
}

@online{facebook,
  author = {{Facebook for Developers}},
  title = {{"Manually Build a Login Flow"}},
  url   = {https://developers.facebook.com/docs/facebook-login/manually-build-a-login-flow/},
  year = {2020},
  month = {06}
}

@online{google1,
  author = {{Google Identity Platform}},
  title = {{"Using OAuth 2.0 for Web Server Applications"}},
  url = {https://developers.google.com/identity/protocols/oauth2/web-server},
  year = {2020},
  month = {06}
}

@online{google2,
  author = {{Google Identity Platform}},
  title = {{"Using OAuth 2.0 to Access Google APIs"}},
  url   = {https://developers.google.com/identity/protocols/oauth2},
  year = {2020},
  month = {06}
}

@online{jaksec,
  author = {{Eclipse Foundation}},
  title = {{"Jakarta Security API"}},
  url   = {https://jakarta.ee/specifications/security/1.0/apidocs/},
  version = {1.0.2},
  year = {2019}
}

@online{sprsec,
  author = {Ben Alex and Luke Taylor and Rob Winch and Gunnar Hillert and Joe Grandja and Jay Bryant and Eddú Meléndez and Josh Cummings and Dave Syer},
  title = {{"Spring Security Reference"}},
  url   = {https://docs.spring.io/spring-security/site/docs/current/reference/html5/},
  year = {2020}
}

@online{docker,
  author = {{Docker Inc.}},
  title = {{"Docker Docs"}},
  url   = {https://docs.docker.com/},
  month = {06},
  year = {2020}
}

@online{oauth2,
  author = {Aaron Parecki},
  title = {{"What is the OAuth 2.0 Authorization Code Grant Type?"}},
  url   = {https://developer.okta.com/blog/2018/04/10/oauth-authorization-code-grant-type},
  month = {04},
  year = {2018}
}

@techreport{RFC7519,
  author = {M. Jones and J. Bradley and N. Sakimura},
  title = {{JSON Web Token (JWT)}},
  howpublished = {Internet Requests for Comments},
  type = {RFC},
  number = {7519},
  year = {2015},
  month = {05},
  issn = {2070-1721},
  publisher = {RFC Editor},
  institution = {RFC Editor},
  url = {http://www.rfc-editor.org/rfc/rfc7519.txt}
}

@techreport{RFC7515,
  author = {M. Jones and J. Bradley and N. Sakimura},
  title = {{JSON Web Signature (JWS)}},
  howpublished = {Internet Requests for Comments},
  type = {RFC},
  number = {7515},
  year = {2015},
  month = {05},
  issn = {2070-1721},
  publisher = {RFC Editor},
  institution = {RFC Editor},
  url = {http://www.rfc-editor.org/rfc/rfc7515.txt}
}

@online{playgr,
  author = {{Okta Developer Platform}},
  title = {{"OAuth 2.0 Playground"}},
  url   = {https://www.oauth.com/playground/},
  year = {2020}
}

@online{sprboot,
  author = {Matt Raible},
  title = {{"Get Started with Spring Boot, OAuth 2.0, and Okta"}},
  url   = {https://developer.okta.com/blog/2017/03/21/spring-boot-oauth},
  month = {03},
  year = {2017}
}

@online{openid,
  author = {Nat Sakimura and John Bradley and Michael B. Jones and Breno de Medeiros and Chuck Mortimore},
  title = {{"OpenID Connect Core 1.0 incorporating errata set 1"}},
  url = {https://openid.net/specs/openid-connect-core-1_0.html},
  year = {2014},
  month = {11}
}

@online{netsh,
  author = {{Nicola Kabar}},
  title = {{"Netshoot: a Docker + Kubernetes network trouble-shooting swiss-army container"}},
  url = {https://github.com/nicolaka/netshoot},
  date = {2020-01-09},
}


@online{terms,
  author = {{Graham Clark}},
  title = {{"Termshark"}},
  url = {https://github.com/gcla/termshark},
  date = {2020-02-03},
  version = {2.1.1}
}

